@Article{acp-24-3529-2024,
AUTHOR = {Sterzinger, L. J. and Igel, A. L.},
TITLE = {Above-cloud concentrations of cloud condensation nuclei help to sustain some Arctic low-level clouds},
JOURNAL = {Atmospheric Chemistry and Physics},
VOLUME = {24},
YEAR = {2024},
NUMBER = {6},
PAGES = {3529--3540},
URL = {https://acp.copernicus.org/articles/24/3529/2024/},
DOI = {10.5194/acp-24-3529-2024}
}

@Article{acp-22-8973-2022,
AUTHOR = {Sterzinger, L. J. and Sedlar, J. and Guy, H. and Neely III, R. R. and Igel, A. L.},
TITLE = {Do Arctic mixed-phase clouds sometimes dissipate due to insufficient aerosol? Evidence from comparisons between observations and idealized simulations},
JOURNAL = {Atmospheric Chemistry and Physics},
VOLUME = {22},
YEAR = {2022},
NUMBER = {13},
PAGES = {8973--8988},
URL = {https://acp.copernicus.org/articles/22/8973/2022/},
DOI = {10.5194/acp-22-8973-2022}
}


@article { TheEffectsofIceHabitonSimulatedOrographicSnowfall,
      author = "Lucas J. Sterzinger and Adele L. Igel",
      title = "The Effects of Ice Habit on Simulated Orographic Snowfall",
      journal = "Journal of Hydrometeorology",
      year = "2021",
      publisher = "American Meteorological Society",
      address = "Boston MA, USA",
      volume = "22",
      number = "6",
      doi = "10.1175/JHM-D-20-0253.1",
      pages=      "1649 - 1661",
      url = "https://journals.ametsoc.org/view/journals/hydr/22/6/JHM-D-20-0253.1.xml"
}